@inproceedings{Zhu_2013, title={Xiaojin, Zhu. Persistent homology: An introduction and a new text representation for natural language processing.}, author={Zhu, Xiaojin}, year={2013} }
